@article{clifford1873,
  title={Preliminary Sketch of Biquaternions},
  author={Clifford, William Kingdon},
  journal={Proceedings of the London Mathematical Society},
  volume={4},
  pages={381--395},
  year={1873},
  publisher={Oxford University Press}
}

@book{baydin2018automatic,
  title={Automatic differentiation in machine learning: a survey},
  author={Baydin, Atilim Gunes and Pearlmutter, Barak A and Radul, Alexey Andreyevich and Siskind, Jeffrey Mark},
  journal={Journal of Machine Learning Research},
  volume={18},
  number={153},
  pages={1--43},
  year={2018}
}

@article{griewank2008evaluating,
  title={Evaluating Derivatives: Principles and Techniques of Algorithmic Differentiation},
  author={Griewank, Andreas and Walther, Andrea},
  journal={SIAM},
  year={2008}
} 